@inproceedings{mulearn,
    author="Malchiodi, Dario and Pedrycz, Witold",
    title="Learning Membership Functions for Fuzzy Sets through Modified Support Vector Clustering",
    editor="Masulli, Francesco and Pasi, Gabriella and Yager, Ronald",
    booktitle="Fuzzy Logic and Applications. 10th International Workshop, WILF 2013, Genoa, Italy, November 19–22, 2013. Proceedings.",
    publisher="Springer International Publishing, Switzerland",series="Lecture Notes on Artificial Intelligence",
    pages="52–59",
    year=2013},
}

@book{supervisedlearning,
  editor    = "Olivier Chapelle and
               Bernhard Sch{\"{o}}lkopf and
               Alexander Zien",
  title     = "Semi-Supervised Learning",
  publisher = "The {MIT} Press",
  year      = "2006",
  url       = "https://doi.org/10.7551/mitpress/9780262033589.001.0001",
  doi       = "10.7551/mitpress/9780262033589.001.0001",
  isbn      = "9780262033589",
  timestamp = "Mon, 22 Jul 2019 15:58:13 +0200",
  biburl    = "https://dblp.org/rec/books/mit/06/CSZ2006.bib",
  bibsource = "dblp computer science bibliography, https://dblp.org"
}

@book{Reinforcement_learning, 
    place="Cambridge, MA", 
    edition="2", 
    series="Adaptive Computation and Machine Learning", 
    title="Reinforcement Learning", 
    ISBN="978-0-262-03924-6", 
    url="http://incompleteideas.net/book/the-book.html", 
    publisher="MIT Press", 
    author="Sutton, Richard S. and Barto, Andrew G.", 
    year="2018", 
    collection="Adaptive Computation and Machine Learning"
}

@book{machine_learning_oreilly,
  author = "Andreas C. Müller, Sarah Guido",
  title = "Introduction to Machine Learning with Python",
  isbn = "9781449369415",
  publisher = "O'Reilly Media, Inc.",
  year = "2016"
}

@book{logica_fuzzy,
  title="Fuzzy sets and fuzzy logic - theory and applications",
  publisher = "Prentice Hall PTR",
  author="G. Klir and Bo Yuan",
  year="1995"
}

@book{unsupervised_learning,
    author="Trevor Hastie,Robert Tibshirani, Jerome Friedman",
    title="The Elements of Statistical Learning",
    subtitle = "Data Mining, Inference, and Prediction",
    series = "Springer-Verlag New York 2009",
    doi = "https://doi.org/10.1007/978-0-387-84858-7",
    publisher ="Springer, New York, NY",
    year = "2009",
    pages="485-579",
}
    